%YAML 1.1
%TAG !u! tag:unity3d.com,2011:
--- !u!1 &9126529832883688349
GameObject:
  m_ObjectHideFlags: 0
  m_CorrespondingSourceObject: {fileID: 0}
  m_PrefabInstance: {fileID: 0}
  m_PrefabAsset: {fileID: 0}
  serializedVersion: 6
  m_Component:
  - component: {fileID: 477984830307513351}
  - component: {fileID: 8319233843261029266}
  - component: {fileID: 8785341560539709356}
  - component: {fileID: 3402284745104018988}
  - component: {fileID: 3389922913070487706}
  - component: {fileID: 7375410103960084882}
  m_Layer: 0
  m_Name: weapontype_firearms
  m_TagString: Untagged
  m_Icon: {fileID: 0}
  m_NavMeshLayer: 0
  m_StaticEditorFlags: 0
  m_IsActive: 1
--- !u!4 &477984830307513351
Transform:
  m_ObjectHideFlags: 0
  m_CorrespondingSourceObject: {fileID: 0}
  m_PrefabInstance: {fileID: 0}
  m_PrefabAsset: {fileID: 0}
  m_GameObject: {fileID: 9126529832883688349}
  m_LocalRotation: {x: 0, y: 0, z: 0, w: 1}
  m_LocalPosition: {x: 0, y: 0, z: 0}
  m_LocalScale: {x: 1, y: 1, z: 1}
  m_Children: []
  m_Father: {fileID: 0}
  m_RootOrder: 0
  m_LocalEulerAnglesHint: {x: 0, y: 0, z: 0}
--- !u!114 &8319233843261029266
MonoBehaviour:
  m_ObjectHideFlags: 0
  m_CorrespondingSourceObject: {fileID: 0}
  m_PrefabInstance: {fileID: 0}
  m_PrefabAsset: {fileID: 0}
  m_GameObject: {fileID: 9126529832883688349}
  m_Enabled: 1
  m_EditorHideFlags: 0
  m_Script: {fileID: 11500000, guid: 4c2024b5ff8844a5a885fcc5340ac0ea, type: 3}
  m_Name: 
  m_EditorClassIdentifier: 
  weaponEventSo: {fileID: 11400000, guid: c20b5ba282270fc408a18b349f2fe4c9, type: 2}
--- !u!114 &8785341560539709356
MonoBehaviour:
  m_ObjectHideFlags: 0
  m_CorrespondingSourceObject: {fileID: 0}
  m_PrefabInstance: {fileID: 0}
  m_PrefabAsset: {fileID: 0}
  m_GameObject: {fileID: 9126529832883688349}
  m_Enabled: 1
  m_EditorHideFlags: 0
  m_Script: {fileID: 11500000, guid: 5c01ec1092754c418762debc75b31f59, type: 3}
  m_Name: 
  m_EditorClassIdentifier: 
--- !u!114 &3402284745104018988
MonoBehaviour:
  m_ObjectHideFlags: 0
  m_CorrespondingSourceObject: {fileID: 0}
  m_PrefabInstance: {fileID: 0}
  m_PrefabAsset: {fileID: 0}
  m_GameObject: {fileID: 9126529832883688349}
  m_Enabled: 1
  m_EditorHideFlags: 0
  m_Script: {fileID: 11500000, guid: ebcee10627124134854b3fe1664e795f, type: 3}
  m_Name: 
  m_EditorClassIdentifier: 
--- !u!114 &3389922913070487706
MonoBehaviour:
  m_ObjectHideFlags: 0
  m_CorrespondingSourceObject: {fileID: 0}
  m_PrefabInstance: {fileID: 0}
  m_PrefabAsset: {fileID: 0}
  m_GameObject: {fileID: 9126529832883688349}
  m_Enabled: 1
  m_EditorHideFlags: 0
  m_Script: {fileID: 11500000, guid: 0ae41e1e4ea64f31acfeeb7f0592077e, type: 3}
  m_Name: 
  m_EditorClassIdentifier: 
--- !u!114 &7375410103960084882
MonoBehaviour:
  m_ObjectHideFlags: 0
  m_CorrespondingSourceObject: {fileID: 0}
  m_PrefabInstance: {fileID: 0}
  m_PrefabAsset: {fileID: 0}
  m_GameObject: {fileID: 9126529832883688349}
  m_Enabled: 1
  m_EditorHideFlags: 0
  m_Script: {fileID: 11500000, guid: d78d236a2171433cbacc166c4da424b6, type: 3}
  m_Name: 
  m_EditorClassIdentifier: 
